@article
{	simpson:cows,
	author = "Simpson, M. and Simpson, H.",
	title = "``{On having a Cow}''",
	journal = "Applied Gnarly Cows",
	volume = "99",
	number = "9",
	month = "Sept.",
	year = "1999",
	pages = "9--99"
}

@article
{	bsimp00,
	author = "Simpson, B. and Simpson, H.",
	title = "``{Milking a Cow}''",
	journal = "Journal of Dairy Science",
	volume = 00,
	number = 2,
	month = feb,
	year = 1900,
	pages = "277--287"
}

@book
{	lamport:latex,
	author = "Leslie Lamport",
	title = "\LaTeX\ : {A Document Preparation System}",
	publisher = "Addison-Wesley",
	edition = "{S}econd",
	year = 1994
}

@incollection
{	osu:guidelines,
	title = "{Guidelines for Preparing and Submitting Theses,
		Dissertations, and D.M.A. Documents}",
	author = "Graduate School",
	publisher= "The Ohio State University",
	booktitle="The 1995--1996 Graduate Student Handbook",
	year = 1996,
	pages = "83--130"
}
